%%% White's "Viscous Fluid Flow"
@Book{white_viscous_fluid_flow,
  author = 	 {Frank M. White},
  title = 	 {{Viscous Fluid Flow}},
  publisher = 	 {McGraw Hill},
  year = 	 {1991},
  edition = 	 {2\textsuperscript{nd}}
}

%%% Panton's "Incompressible Flow"
@Book{panton_incompressible_flow,
  author = 	 {Ronald L. Panton},
  title = 	 {{Incompressible Flow}},
  publisher = 	 {John Wiley \& Sons},
  year = 	 {1996},
  edition = 	 {2\textsuperscript{nd}}
}

%%% Carey - Volume 1
@Book{becker_carey_oden_volume_1,
  author = 	 {Eric B. Becker and Graham F. Carey and J. Tinsley Oden},
  title = 	 {{Finite Elements -- An Introduction}},
  publisher = 	 {Prentice Hall},
  year = 	 {1981},
  volume = 	 {1}
}

%%% FEF - Volume 5
@Book{gallagher_fef_vol5,
  editor = 	 {R.~H. Gallagher and J.~T. Oden and O.~C. Zienkiewicz and T. Kawai and M. Kawahara},
  title = 	 {{Finite Elements in Fluids}},
  publisher = 	 {John Wiley \& Sons},
  year = 	 {1984},
  volume = 	 {5}
}

%%% HCFM - Peyret
@Book{hcfm_peyret,
  editor = 	 {Roger Peyret},
  title = 	 {{Handbook of Computational Fluid Mechanics}},
  publisher = 	 {Academic Press},
  year = 	 {1996}
}

%%% Linear Algebra - Strang
@Book{strang_linear_algebra,
  author = 	 {Gilbert Strang},
  title = 	 {{Linear Algebra and its Applications}},
  publisher = 	 {Harcourt Brace Jovanovich},
  year = 	 {1988},
  edition = 	 {3rd}
}

%%% Parallel surface tension, Carey/McLay/Barth/Swift/Kirk
@InProceedings{carey_world_scientific_2000,
  author = 	 {G.~F. Carey and R. McLay and W. Barth and S. Swift and B. Kirk},
  title = 	 {{Distributed Parallel Simulation of Surface Tension Driven Viscous Flow and Transport Processes}},
  booktitle =    {{Computational Fluid Dynamics: Proceedings of the Fourth UNAM Supercomputing Conference}},
  pages = 	 {143--155},
  year = 	 {2000},
  month = 	 {June},
  publisher =    {World Scientific},
  editor =       {Eduardo Ramos and Gerardo Cisneros and Rafael Fern\'{a}ndez-Flores and Alfredo Santill\'{a}n-Gonz\'{a}lez}
}

%%% Least-Squares  fluid mixing, Carey/Shen
@Article{carey1995,
  author = 	 {G.~F. Carey and Y. Shen},
  title = 	 {{Simulation of fluid mixing using least--squares finite elements \& particle tracing}},
  journal = 	 {Int. J. Num. Meth. Heat and Fluid Flow},
  year = 	 1995,
  volume =	 5,
  pages =	 {549--573}
}

%%% Dr. Carey's grid book
@Book{carey_gridbook,
  author =       {G.~F. Carey},
  title =        {{Computational Grids: Generation, Adaptation, and Solution Strategies}},
  publisher =    {Taylor \& Francis},
  year =         {1997}
}

%%% Modelling error paper
@Article{modelling_error,
  author = 	 {{G.~F.} Carey and W. Barth and J.~A. Woods and B.~S. Kirk and M.~L. Anderson and S. Chow and W. Bangerth},
  title = 	 {{Modelling error and constitutive relations in simulation of flow and transport}},
  journal = 	 {International Journal for Numerical Methods in Fluids},
  year = 	 {2004},
  volume = 	 {46},
  pages = 	 {1211--1236},
}

%%% BAIL paper
@Article{carey_bail_2004,
 author =        {G.~F. Carey and M. Anderson and B. Carnes and B. Kirk},
 title =         {{Some aspects of adaptive grid technology related to boundary and interior layers}},
 journal =       {J. Comput. Appl. Math.},
 volume =        {166},
 number =        {1},
 year =          {2004},
 issn =          {0377-0427},
 pages =         {55--86},
 doi =           {\url{http://dx.doi.org/10.1016/j.cam.2003.09.036}},
 publisher =     {Elsevier Science Publishers B. V.},
}
  
%%% Kelly flux-jump error indicator
@Article{kelly_error_1983,
  author =       {D.~W. Kelly and J.~P. Gago and O.~C. Zienkiewicz and I.~Babuska},
  title =        {{A posteriori error analysis and adaptive processes in the finite element method: Part I Error analysis}},
  journal =      {Int. J. Num. Meth. Engng.},
  year =         {1983},
  volume =       {19},
  pages =        {1593--1619}
}

%%% reference for Holden Mach 11.68 shock ramp problem
@Book{hypersonic_benchmarks,
  author =       {R. Abgrall and J.-A. D\'{e}sid\'{e}ri and R. Glowinski and M. Mallet and J. P\'{e}riaux},
  title  =       {{Hypersonic flows for reentry problems}},
  publisher =    {Springer-Verlag},
  year =         1991,
  volume =       3
}

%%% reference for SSI DSMC calculation
@Misc{onera-dsmc-type4,
  author =       {J.~N. Moss and T. Pot and B. Chanetz and M. Lefebvre},
  title  =       {{DSMC} simulation of shock/shock interactions: emphasis on type {IV} interactions},   
  howpublished = {22$^\text{nd}$ International Symposium on Shock Waves},
  month =        {July},
  year =         1999
}

%%% reference for SSI DSMC calculation
@Misc{onera-hypersonic-ssi,
  author =       {T. Pot and B. Chanetz and M. Lefebvre and P. Bouchardy},
  title  =       {Fundamental study of shock/shock interference in low density flow},
  howpublished = {21$^\text{st}$ International Symposium on Rarefied Gas Dynamics},
  year =         1998
}

%%% Edney's shock-shock interaction monograph
@TechReport{edney-ssi,
  author =       {B. Edney},
  title  =       {Anomalous heat transfer and pressure distributions on blunt bodies at hypersonic speeds in the presence of an impinging shock},
  institution =  {Flygtekniska F\"{o}rs\"{o}ksanstalten (the Aeronautical Research Institute of Sweden)},
  address =      {Stockholm},
  year =         1968
}

%%% CHEM Finite Volume code
@TechReport{chem-fv-algorithm,
  author =       {E.~A. Luke and X. Tong and J. Wu and L. Tang and P. Cinnella},
  title =        {A chemically reacting flow solver for generalized grids},
  institution =  {Mississippi State},
  year =         1999
}

%%% Spatial Patterns in Biology
@Article{spatial_patters_in_bio,
  author =       {J.~D. Murray and J. Cook and R. Tyson and S.~R. Lubkin},
  title =        {{Spatial Pattern Formation in Biology: I. Dermal Wound Healing. II. Bacterial Patterns}},
  journal =      {Journal of the Franklin Institute},
  year =         1998,
  volume =       335,
  number =       2,
  pages =        {303-332}
}

%%% Patterns in E.Coli
@Article{berg_patterns_ecoli,
  author = 	 {E.~O. Budrene and H.~C. Berg},
  title = 	 {Complex patterns formed by motile cells of {\emph{Escherichia coli}}},
  journal = 	 {Nature},
  year = 	 {1991},
  volume = 	 {349},
  pages = 	 {630--633},
}

%%% Patterns in chemotactic bacteria
@Article{berg_patterns_nature,
  author = 	 {E.~O. Budrene and H.~C. Berg},
  title = 	 {Dynamics of formation of symmetrical patterns by chemotactic bacteria},
  journal = 	 {Nature},
  year = 	 {1995},
  volume = 	 {376},
  pages = 	 {49--53},
}

%%% Spatio-temporal pattenrs
@Article{spatio_temporal_patterns,
  author =       {D.~E. Woodward and R. Tyson and M.~R. Myerscough and J.~D. Murray and E.~O. Budrene and H.~C. Berg},
  title =        {{Spatio-temporal Patterns Generated by Salmonella Typhimurium}},
  journal =      {Biophysical Journal},
  year =         1995,
  volume =       68,
  pages =        {2181-2189}
}

%%% Amanda Staelens Masters Thesis
@MastersThesis{staelens_thesis,
  author =       {A.~J. Staelens},
  title  =       {Numerical solutions of a class of nonlinear reaction-diffusion {PDE} systems},
  school =       {The University of Texas at Austin},
  year   =       {2002}
}


%%% Jay LeBeau's Masters Thesis
@MastersThesis{gjlebeau_thesis,
  author =       {G.~J. LeBeau},
  title  =       {{The Finite Element Computation of Compressible Flows}},
  school =       {The University of Minnesota},
  year   =       {1990}
}

%%% Sharouz Aliabadi's PhD thesis
@PhdThesis{skaliabadi_dissertation,
  author =       {S.~K. Aliabadi},
  title  =       {{Parallel Finite Element Computations in Aerospace Applications}},
  school =       {The University of Minnesota},
  year   =       {1994}
}

%%% Ben Kirk's PhD thesis
@PhdThesis{benkirk_dissertation,
  author =       {Benjamin S. Kirk},
  title  =       {{Adaptive Finite Element Simulation of Flow and Transport Applications on Parallel Computers}},
  school =       {The University of Texas at Austin},
  month  =       {May},
  year   =       {2007}
}

%%% Philip Capon's PhD thesis
@PhDThesis{pjcapon_dissertation,
  author =       {P.~J. Capon},
  title  =       {{Adaptive Stable Finite Element Methods for the Compressible {Navier-Stokes} Equations}},
  school =       {The University of Leeds},
  year   =       {1995}
}

%%% Bill Barth's PhD thesis
@PhdThesis{barth_dissertation,
  author = 	 {William L. Barth},
  title = 	 {{Simulation of non-Newtonian fluids on workstation clusters}},
  school = 	 {The University of Texas at Austin},
  year = 	 {2004},
}

%%% Computational Fluid Mechanics & Heat Transfer
@Book{cfmht,
  author =       {J.~C. Tannehill and D.~A. Anderson and R.~H. Pletcher},
  title  =       {{Computational Fluid Mechanics and Heat Transfer}},
  publisher =    {Taylor \& Francis, Washington, D.C.},
  edition =      {2\textsuperscript{nd}},
  year =         1997
}

%%% Dolling's shockwave boundary-layer paper
@Article{dolling_swbli,
  author = 	 {D.~S. Dolling},
  title = 	 {{50 Years of Shock Wave/Boundary Layer Interaction Research: What Next?}},
  journal = 	 {AIAA Journal},
  year = 	 {2001},
  volume = 	 {39},
  Tnumber = 	 {8},
  OPTpages = 	 {1517--1531}
}

%%% Efficient WENO - JCP
@Article{jang_shu_weno_JCP,
  author =       {G. Jiang and C.-W. Shu},
  title =        {Efficient implementation of weighted {ENO} schemes},
  journal =      {Journal of Computational Physics},
  year =         1996,
  volume =       126,
  pages =        {202-228}
}
 
%%% High-order FD, FV, DG - ICASE
@TechReport{shu_fd_fv_dg_icase,
  author =       {C.-W. Shu},
  title =        {{High order finite difference and finite volume {WENO} schemes and discontinuous Galerkin methods for {CFD}}},
  number =       {ICASE Report No.~2001-11},
  institution =  {Brown University},
  address =      {Providence, Rhode Island},
  month =        May,
  year =         2001
}

%%% Hauke/Hughes - compressible GLS, variable choice
@Article{hauke_hughes_compressible_variables,
  author =       {G. Hauke and T.~J.~R. Hughes},
  title =        {A comparative study of different sets of variables for solving compressible and incompressible flows},
  journal =      {Computer Methods in Applied Mechanics and Engineering},
  year =         1998,
  volume =       153,
  pages =        {1-44}
}

%%% SUPG & mesh-free - Fries
@TechReport{fries_matthies_supg_meshfree,
  author = 	 {Thomas-Peter Fries and Hermann G. Matthies},
  title = 	 {{A Review of Petrov-Galerkin Stabilization Approaches and an Extension to Meshfree Methods}},
  institution =  {Institute of Scientific Computing, Technical University Braunschweig},
  year = 	 {2004},
  OPTkey = 	 {},
  OPTtype = 	 {},
  number = 	 {2004-01},
  month = 	 {March},
}

%%% NACA 1135
@TechReport{naca_1135,
  author =       {{Ames Research Staff}},
  title =        {Equations, tables, and charts for compressible flow},
  number =       {{NACA 1135}},
  institution =  {National Advisory Committee for Aeronautics},
  year =         1953
}
  
%%% Tannehill curve fits
@TechReport{tannehill_curve_fits,
  author =       {J.~C. Tannehill and P.~H. Mugge},
  title =        {Improved curve fits for the thermodynamic properties of equilibrium air suitable for numerical computation using time-dependent or shock-capturing methods},
  number =       {{NASA CR-2470}},
  institution =  {National Aeronautics and Space Administration},
  month =        {October},
  year =         1974
}

%%% Hypersonic Taylor-Galerkin
@Article{hypersonic_taylor_galerkin,
  author =       {M.~P. Kessler and A.~M. Awruch},
  title =        {Analysis of hypersonic flows using finite elements with {Taylor--Galerkin} scheme},
  journal =      {International Journal for Numerical Methods in Fluids},
  year =         2004,
  volume =       44,
  pages =        {1355-1376}
}

%%% Hughes/Mallet - SUPG
@Article{hughes_mallet_SUPG,
  author =       {T.~J.~R. Hughes and M. Mallet},
  title =        {A new finite element formulation for computational fluid dynamics: {III.} The generalized streamline operator for multidimensional advective--diffusive systems},
  journal =      {Computer Methods in Applied Mechanics and Engineering},
  year =         1986,
  volume =       58,
  pages =        {305-328}
}

%%% Hughes/Franca/Hullbert GLS
@Article{hughes_franca_hullbert_GLS,
  author =       {T.~J.~R. Hughes and L.~P. Franca and G.~M. Hullbert},
  title =        {{A new finite element formulation for computational fluid dynamics: {VIII.} The Galerkin/least--squares method advective--diffusive equations}},
  journal =      {Computer Methods in Applied Mechanics and Engineering},
  year =         1989,
  volume =       73,
  pages =        {173-189}
}

%%% Hughes/Mallet - shock capturing
@Article{hughes_shock_capturing,
  author =       {T.~J.~R. Hughes and M. Mallet},
  title =        {A new finite element formulation for computational fluid dynamics: {IV.} A discontinuity operator for multidimensional advective--diffusive systems},
  journal =      {Computer Methods in Applied Mechanics and Engineering},
  year =         1986,
  volume =       58,
  pages =        {329-336}
}

%%% Shakib/Hughes/Johan - compressible Euler and NS
@Article{shakib_hughes_ns,
  author =       {Farzin Shakib and Thomas J.~R. Hughes and Zden\v{e}k Johan},
  title =        {A new finite element formulation for computational fluid dynamics: {X.} The compressible {Euler} and {Navier--Stokes} equations},
  journal =      {Computer Methods in Applied Mechanics and Engineering},
  year =         1991,
  volume =       89,
  pages =        {141-219}
}

%%% Johan/Hughes/Shakib - matrix-free
@Article{johan_hughes_shakib_mf,
  author =       {Zden\v{e}k Johan and Thomas J.~R. Hughes and Farzin Shakib},
  title =        {A globally convergent matrix-free algorithm for implicit time-marching schemes arising in finite element analysis in fluids},
  journal =      {Computer Methods in Applied Mechanics and Engineering},
  year =         1991,
  volume =       87,
  pages =        {281-304}
}

%%% Iserles - numerical analysis
@Book{iserles_numerical_analysis,
  author = 	 {A. Iserles},
  title = 	 {A first course in the numerical analysis of differential equations},
  publisher = 	 {Cambridge University Press},
  year = 	 {1996}
}

%%% Kirk/Lipnikov/Carey - nested iteration
@Article{kirk_lipnikov_cmg,
  author = 	 {B. Kirk and K. Lipnikov and G.~F. Carey},
  title = 	 {{Nested Grid Iteration for Incompressible Viscous Flow and Transport}},
  journal = 	 {International Journal of Computational Fluid Dynamics},
  year = 	 {2003},
  volume = 	 {17},
  number = 	 {4},
  pages = 	 {253-262},
  month = 	 {August}
}

%%% Kelly/Gago/Zienkiewicz/Babuska
@Article{kelly_gago_zienkiewicz_babuska_error,
  author = 	 {D.~W. Kelly and {J.~P. De~S.~R.} Gago and O.~C. Zienkiewicz and I. Babuska},
  title = 	 {{A Posteriori Error Analysis and Adaptive Processes in the Finite Element Method: Part I--Error Analysis}},
  journal = 	 {International Journal for Numerical Methods in Engineering},
  year = 	 {1983},
  volume = 	 {19},
  pages = 	 {1593--1619}
}

%%% Gresho - "Incompressible Flow and the Finite Element Method"
@Book{Gres-1998,
  author = {P.~M.~Gresho and R.~L.~Sani},
  title = {{Incompressible Flow and the Finite Element Method}},
  publisher = {John Wiley and Sons},
  year = 1998
}

@Book{heath:sci_computing,
  author = {M.~Heath},
  title = {{Scientific Computing:  An Introductory Survey}},
  publisher = {McGraw-Hill Series in Computer Science},
  year = 1997,
  pages = 258
}

@Article{guermond:uncond_stable,
  author = {J.-L.~Guermond and L.~Quartapelle},
  title = {{Calculation of incompressible viscous flows by an unconditionally stable projection FEM}},
  journal = {J. Computational Physics},
  year = 1997,
  volume = 132,
  pages = {12--33}
}

@Article{freund:tfqmr,
  author = {R.~W.~Freund},
  title = {{A transpose-free quasi-minimum residual algorithm for non-Hermitian linear systems}},
  journal = {SIAM J. of Scientific Computing},
  year = 1993,
  volume = 14,
  pages = {470--482}
}

%%% PETSc User's manual
@TechReport{petsc_manual,
  author       = "Satish Balay and Kris Buschelman and Victor Eijkhout and William D. Gropp and Dinesh Kaushik and Matthew G. Knepley and Lois Curfman McInnes and Barry F. Smith and Hong Zhang",
   title       = "{PETS}c Users Manual",
   number      = "ANL-95/11 - Revision 2.3.0",
   institution = "Argonne National Laboratory",
   month       = "April",
   year        = "2004"
}

%%% PETSc efficient data structures
@InProceedings{petsc-efficient,
    Author     = "Satish Balay and Victor Eijkhout and William D. Gropp and Lois Curfman McInnes and Barry F. Smith",
   Title       = "Efficient Management of Parallelism in Object Oriented Numerical Software Libraries",
    Booktitle  = "Modern Software Tools in Scientific Computing",
    Editor     = "E. Arge and A. M. Bruaset and H. P. Langtangen",
    Pages      = "163--202",
    Publisher  = "Birkh{\"{a}}user Press",
    Year       = "1997"
} 

%%% METIS Tech Report
@TechReport{karypis:metis,
  author = {G.~Karypis and V.~Kumar},
  title = {{METIS unstructured graph partitioning and sparse matrix order}},
  institution = {University of Minnesota, Department of Computer Science},
  day = {26},
  month = {August},
  year = {1995}
}

%%% Boussinesq
@Book{Bous-1903,
  author = {J.~Boussinesq},
  title = {{Th$\acute{\text{e}}$orie Analytique de la Chaleur, Vol 2.}},
  publisher = {Gauthier-Villars, Paris},
  year = 1903,
  pages = {154--176}
}

%%% Papadrakakis - Large-Scale problems in mechanics
@Book{papadrakakis_large_scale_problems,
  editor = 	 {M. Papadrakakis},
  title = 	 {{Solving Large--Scale Problems in Mechanics}},
  publisher = 	 {John Wiley \& Sons},
  year = 	 {1993}
}

%%% Golub & Van Loan
@Book{golub_van_loan,
  author = 	 {Gene H. Golub and Charles F. {Van Loan}},
  title = 	 {{Matrix Computations}},
  publisher = 	 {The Johns Hopkins University Press},
  year = 	 {1996},
  edition = 	 {3rd}
}

@Article{BD96,
  author = 	 {F. Bornemann and P. Deuflhard},
  title = 	 {The cascadic multigrid method for elliptic problems},
  journal = 	 {Numerical Mathematics},
  year = 	 {1996},
  volume = 	 {75},
  pages = 	 {135--152}
}

@Article{BraDah99,
  author = 	 {D. Braess and W. Dahmen},
  title = 	 {A cascadic multigrid algorithm for the {Stokes} problem},
  journal = 	 {Numerical Mathematics},
  year = 	 {1999},
  volume = 	 {82},
  pages = 	 {179--191}
}

@Article{BraPasWanXu91,
  author = 	 {J. Bramble and J. Pasciak and J. Wang and J. Xu},
  title = 	 {Convergence estimates for multigrid algorithms without regularity assumptions},
  journal = 	 {Mathematical Computation},
  year = 	 {1991},
  volume = 	 {57},
  pages = 	 {23--45}
}

@Article{CarHum81,
  author = 	 {G.~F. Carey and D.~L. Humphrey},
  title = 	 {Mesh refinement and iterative solution methods},
  journal = 	 {International Journal for Numerical Methods in Fluids},
  year = 	 {1981},
  volume = 	 {17},
  pages = 	 {1717--1734}
}

@Article{CarSea85,
  author = 	 {G.~F.Carey and M. Seager},
  title = 	 {Projection and iteration in adaptive finite element refinement},
  journal = 	 {International Journal for Numerical Methods in Engineering},
  year = 	 {1985},
  volume = 	 {21},
  pages = 	 {1681--1695}
}

@Article{ijnmf98,
  author = 	 {G.~F. Carey and R. McLay and G. Bicken and and B. Barth},
  title = 	 {{Parallel Finite Element Solution of 3D Rayleigh-B\'{e}nard-Marangoni Flows}},
  journal = 	 {International Journal for Numerical Methods in Fluids},
  year = 	 {1999},
  volume = 	 {31},
  pages = 	 {37--52}
}

@Book{Cia78,
  author = 	 {P.~J. Ciarlet},
  title = 	 {{The Finite Element Method for Elliptic Problems}},
  publisher = 	 {North-Holland, Amsterdam},
  year = 	 {1978},
}

@TechReport{DKO97,
  author = 	 {A. Dervieux and G.~M. Kobelkov and M.~A. Ol'shanskii},
  title = 	 {{Effective preconditioning of Uzawa type schemes for generalized {Stokes} problems}},
  institution =  {Mathematical Institute},
  year = 	 {1997},
  address = 	 {Nijmegen, Netherlands},
  month = 	 {June}
}

@InProceedings{Deu94,
  author = 	 {P. Deuflhard},
  title = 	 {Cascadic conjugate gradient methods for elliptic partial differential equations: algorithm and numerical results},
  booktitle =    {Domain Decomposition Methods in Scientific and Engineering Computing},
  pages = 	 {29--42},
  year = 	 {1994},
  editor = 	 {D. Keyes and J. Xu},
  volume = 	 {180},
  series = 	 {AMS}
}

@Book{Hac85,
  author = 	 {W. Hackbusch},
  title = 	 {{Multi-Grid Methods and Applications}},
  publisher = 	 {Springer-Verlag},
  year = 	 {1985},
  address = 	 {Berlin, Heidelberg, New York},
}

@Article{ZoltanOverviewArticle,
   author = {Karen Devine and Erik Boman and Robert Heaphy and Bruce Hendrickson and Courtenay Vaughan},
   title = {{Zoltan} Data Management Services for Parallel Dynamic Applications},
   journal = {Computing in Science and Engineering},
   year = {2002},
   volume = {4},
   number = {2},
   pages = {90--97}
}

@Article{Sha96,
  author = 	 {V. Shaidurov},
  title = 	 {Some estimates of the rate of convergence for the cascadic conjugate-gradient method},
  journal = 	 {Journal of Computational Applied Mathematics},
  year = 	 {1996},
  volume = 	 {31},
  pages = 	 {161--171}
}

@TechReport{ShaGil96,
  author = 	 {V. Shaidurov and L. Gilova},
  title = 	 {A cascadic multigrid method algorithm in the finite element method for the plane elasticity problem},
  institution =  {Weierstrass Institute for Applied Analysis and Stochastics},
  year = 	 {1996},
  number = 	 {296},
  address = 	 {Berlin}
}

@Article{ShiXu98,
  author = 	 {Z. Shi and X. Xu},
  title = 	 {Cascadic multigrid method for the plate bending problem},
  journal = 	 {East-West Journal of Numerical Mathematics},
  year = 	 {1998},
  volume = 	 {6},
  pages = 	 {137--153}
}

@Article{ShiXu99,
  author = 	 {Z. Shi and X. Xu},
  title = 	 {Cascadic multigrid method for parabolic problems},
  journal = 	 {East-West Journal of Numerical Mathematics},
  year = 	 {1999},
  volume = 	 {7},
  pages = 	 {199--211}
}

@TechReport{Ste98,
  author = 	 {R. Stevenson},
  title = 	 {The Cascade iteration for nonconforming discretizations},
  institution =  {University of Nijmegen},
  year = 	 {1998},
  number = 	 {9803}
}

@Book{Wac66,
  author = 	 {E. Wachspress},
  title = 	 {Iterative Solution of Elliptic Systems},
  publisher = 	 {Prentice-Hall},
  year = 	 {1966},
  address = 	 {Englewood Cliffs, N.J.}
}

@Article{braess-2002-subspace,
  author =       {Dietrich Braess and Peter Deuflhard and Konstantin Lipnikov},
  title =        {A subspace cascadic multigrid method for mortar elements},
  year =         {2002},
  journal =      {Computing},
  volume =       {69},
  number =       {3},
  pages =        {205-225}
}

%%% - Anderson's "Modern Compressible Flow"
@Book{anderson_compressible,
  author = 	 {{John D. Anderson, Jr.}},
  title = 	 {{Modern Compressible Flow: With Histroical Perspective}},
  publisher = 	 {McGraw Hill},
  year = 	 {1990},
  edition = 	 {2\textsuperscript{nd}}
}

%%% - Anderson's "Hypersonic and High Temperature Gas Dynamics"
@Book{anderson_hypersonic,
  author = 	 {{John D. Anderson, Jr.}},
  title = 	 {{Hypersonic and High Temperature Gas Dynamics}},
  publisher = 	 {AIAA},
  year = 	 {2000},
  address = 	 {Reston, Virginia}
}

%%% Armstrong's "Expanding the X-15 Envelope to Mach 6.7"
@Misc{armstrong_x15,
  author = 	 {Johnny Armstrong},
  title = 	 {Expanding the {X-15} Envelope to {Mach} 6.7},
  howpublished = {\url{http://members.aol.com/afftc/X15Story.htm}},
  year = 	 {1997}
}



@Misc{x15_historical_perspective,
  author = 	 {John V. Becker},
  title = 	 {The X-15 Program in Retrospect},
  howpublished = {\url{http://www.hq.nasa.gov/office/pao/History/x15lect/cover.html}},
  month = 	 {December},
  year = 	 {1968},
  note = 	 {{Presented at the 1\textsuperscript{st} Annual Meeting, Deutsche Gesellschaft f\:{u}r Luft- und Raumfahrt, Bonn, Germany}},
}

%%% Ambrosio/Wortman's "Stangation Point Shock Detachment Distance for Flow Around Spheres and Cylinders"
@Article{ambrosio_wortman,
  author = 	 {Alphonso Ambrosio and Andrzej Wortman},
  title = 	 {{Stangation Point Shock Detachment Distance for Flow Around Spheres and Cylinders}},
  journal = 	 {American Rocket Society},
  year = 	 {1962},
  volume = 	 {32},
  number = 	 {2},
  pages = 	 {285--287},
  month = 	 {February}
}

%%% Gupta's transport coefficients
@TechReport{gupta_transport,
  author = 	 {R. Gupta and J. Yos and R. Thompson and K. Lee},
  title = 	 {{A Review of Reaction Rates and Thermodynamic and Transport Properties for an 11-Species Air Model for Chemical and Thermal Nonequilibrium Calculations to 30,000 {K}}},
  institution =  {NASA},
  year = 	 {1990},
  number = 	 {RP--1232},
  month = 	 {August}
}

%%% Saeed - Dynamic Load Balancing
@Article{iqbal_carey_2005,
  author= {S.~Iqbal and G.~F.~Carey},
  title= {{Performance analysis of dynamic load balancing algorithms with variable number of processors}},
  journal= {Journal of Parallel and Distributed Computing},
  volume= 65,
  number = 8,
  year = 2005,
  pages= {934-948}
}

%%% MPICH Article
@Article{mpich,
  author = {W. Gropp and E. Lusk and N. Doss and A. Skjellum},
  title  = {{MPICH}: A high-performance, portable implementation of the {MPI} message passing interface standard},
  journal = {Parallel Computing},
  volume  = 22,
  number  = 6,
  pages   = {789--828},
  month   = {September},
  year    = 1996
}

%%% CAI Common Mesh
@Unpublished{alter_CAI_common_grid,
  author = 	 {Stephen J. Alter and James J. Reuther and Ryan D. McDaniel},
  title = 	 {{Development of a Flexible Framework for Hypersonic Navier-Stokes Shuttle Orbiter Meshes}},
  note = 	 {AIAA Paper 2004-2635},
  month = 	 {June},
  year = 	 {2004}
}

%%% DFRC photo gallery
@Misc{dfrc_photo_gallery,
  author = 	 {{National Aeronautics and Space Administration}},
  title = 	 {{NASA Dryden Flight Research Center Photo Collection}},
  howpublished = {\url{http://www.dfrc.nasa.gov/gallery/photo/index.html}},
}

%%% STS-6 mission report
@Misc{sts6_mission_report,
  author = 	 {{National Aeronautics and Space Administration}},
  title = 	 {{STS-6 Mission Report}},
  howpublished = {\url{http://members.aol.com/WSNTWOYOU/STS6MR.HTM}},
}


%%% JSC public Shuttle IFA list
@Misc{shuttle_ifa_list,
  title = 	 {{In-Flight Anomaly Database for STS-1 Through STS-107}},
  howpublished = {\url{http://www.jsc.nasa.gov/news/columbia/anomaly}},
  month = 	 {July},
  year = 	 {2003},
  note = 	 {Kim Dismukes, Curator},
}

%%% Catabriga Coutinho SUPG convergence
@Article{catabriga_coutinho_SUPG_convergence,
  author = 	 {L. Catabriga and A. L. G. A. Coutinho},
  title = 	 {{Improving convergence to steady state of implicit SUPG solution of Euler equations}},
  journal = 	 {{Communications in Numerical Methods in Engineering}},
  year = 	 {2002},
  volume = 	 {18},
  number = 	 {5},
  pages = 	 {345--353},
  month = 	 {May},
  doi =          {\url{http://dx.doi.org/10.1002/cnm.496}}
}

% FEM FCT
@ARTICLE{KuzminMoellerTurek2003b,
author       = {Kuzmin, D. and M\"{o}ller, M. and Turek, S.},
title        = {{High--Resolution {FEM}--FCT Schemes for Multidimensional Conservation Laws}},
journal      = {Computer Methods in Applied Mechanics and Engineering},
year         = {2004},
volume       = {193},
pages        = {4915--4946},
month        = May,
}

@ARTICLE{KuzminTurek2003c,
author       = {Kuzmin, D. and Turek, S.},
title        = {{High--Resolution FEM--TVD Schemes Based on a Fully Multidimensional Flux Limiter}},
journal      = {Journal of Computational Physics},
year         = {2004},
volume       = {198},
pages        = {131--158},
}

@Article{fletcher_group_finite_element,
  author = 	 {C. A. J. Fletcher},
  title = 	 {{The Group Finite Element Formulation}},
  journal = 	 {Computer Methods in Applied Mechanics and Engineering},
  year = 	 {1983},
  volume = 	 {37},
  pages = 	 {225--243},
}

% Holden - AIAA 
@Unpublished{holden_laminar_interaction,
  author = 	 {Michael S. Holden},
  title = 	 {{A Study of Flow Separation in Regions of Shock Wave-Boundary Layer Interaction in Hypersonic Flow}},
  note = 	 {{11\textsuperscript{th} Fluid and Plasma Dynamics Conference, AIAA Paper 1978-1169}},
  month = 	 {July},
  year = 	 {1978},
}

% Lillard - AIAA Overflow Heating
@Unpublished{lillard_overflow_heating,
  author = 	 {Randolph P. Lillard and Kevin M. Dries},
  title = 	 {{Laminar Heating Validation of the {OVERFLOW} Code}},
  note = 	 {{43\textsuperscript{rd} AIAA Aerospace Sciences Meeting and Exhibit, AIAA Paper 2005-685}},
  month = 	 {January},
  year = 	 {2005},
}

% Holden - AIAA laminar interaction overview
@Unpublished{holden_interaction_review,
  author = 	 {Michael S. Holden},
  title = 	 {{Historical Review of Experimental Studies and Prediction Methods to Describe Laminar and Turbulent Shock Wave/Boundary Layein Interactions in Hypersonic Flows}},
  note = 	 {{44\textsuperscript{th} AIAA Aerospace Sciences Meeting and Exhibit, AIAA Paper 2006-494}},
  month = 	 {January},
  year = 	 {2006},
}

% Holden - AIAA summary
@Unpublished{wadhams_holden_AIAA-2004-917,
  author = 	 {Timothy P. Wadhams and Michael S. Holden},
  title = 	 {{Summary of Experimental Studies for Code Validation in the LENS Facility and Comparisons with Recent Navier-Stokes and DSMC Solutions for Two- and Three-dimensional Separated Regions in Hypervelocity Flows}},
  note = 	 {{42\textsuperscript{nd} AIAA Aerospace Sciences Meeting and Exhibit, AIAA Paper 2004-917}},
  month = 	 {January},
  year = 	 {2004},
}

% Gnoffo - AIAA Validation Studies
@Unpublished{gnoffo_AIAA-2001-1025,
  author = 	 {Peter A. Gnoffo},
  title = 	 {Validation studies for hypersonic flow prediction},
  note = 	 {{39\textsuperscript{th} AIAA Aerospace Sciences Meeting and Exhibit, AIAA Paper 2001-1025}},
  month = 	 {January},
  year = 	 {2001},
}

% MacLean - AIAA Validation Studies
@Unpublished{maclean_AIAA-2004-529,
  author = 	 {Matthew MacLean and Michael Holden},
  title = 	 {Validation and Comparison of {WIND} and {DPLR} Results for Hypersonic, Laminar Problems},
  note = 	 {{42\textsuperscript{nd} AIAA Aerospace Sciences Meeting and Exhibit, AIAA Paper 2004-529}},
  month = 	 {January},
  year = 	 {2004},
}

% Holden/Wadhams - AIAA Validation Database
@Unpublished{holden_wadhams_AIAA-2003-1137,
  author = 	 {Michael S. Holden and Timothy P. Wadhams},
  title = 	 {{A Database Of Aerothermal Measurements In Hypersonic Flow In ``Building Block'' Experiments for CFD Validation}},
  note = 	 {{41\textsuperscript{st} AIAA Aerospace Sciences Meeting and Exhibit, AIAA Paper 2003-1137}},
  month = 	 {January},
  year = 	 {2003},
}

% Saad Schultz GMRES
@article{saad_schultz_gmres,
 author = {Youcef Saad and Martin H. Schultz},
 title = {{GMRES}: a generalized minimal residual algorithm for solving nonsymmetric linear systems},
 journal = {SIAM Journal on Scientific and Statistical Computing},
 volume = {7},
 number = {3},
 year = {1986},
 issn = {0196-5204},
 pages = {856--869},
 publisher = {Society for Industrial and Applied Mathematics},
 address = {Philadelphia, PA, USA},
 }

% Engblom/Goldstein Nose-tip heat transfer reduction
@Unpublished{engblom_goldstein_AIAA-1996-667,
  author = 	 {W. A. Engblom and D. B. Goldstein and D. Landoon and S. P. Schneider},
  title = 	 {Fluid dynamics of hypersonic forward-facing cavity flow},
  note = 	 {{34\textsuperscript{th} AIAA Aerospace Sciences Meeting and Exhibit, AIAA Paper 1996-667}},
  month = 	 {January},
  year = 	 {1996},
}

% Engblom/Goldstein Nose-tip heat transfer reduction
@Unpublished{engblom_goldstein_AIAA-1996-354,
  author = 	 {W. A. Engblom and D. B. Goldstein},
  title = 	 {Nose-tip surface heat reduction mechanism},
  note = 	 {{34\textsuperscript{th} AIAA Aerospace Sciences Meeting and Exhibit, AIAA Paper 1996-354}},
  month = 	 {January},
  year = 	 {1996},
}

% Silton/Goldstein J. Thermophysics & Heat Transfer
@Article{silton_goldstein_JTHPHT,
  author = 	 {Sidra I. Silton and David B. Goldstein},
  title = 	 {{Ablation Onset in Unsteady Hypersonic Flow About Nose Tip with Cavity}},
  journal = 	 {Journal of Thermophysics and Heat Transfer},
  year = 	 {2000},
  volume = 	 {14},
  number = 	 {3},
  pages = 	 {421--434},
  month = 	 {July--September},
}

% Silton/Goldstein J. Fluid Mech.
@Article{silton_goldstein_JFM,
  author = 	 {Sidra I. Silton and David B. Goldstein},
  title = 	 {{Use of an Axial Nose-Tup Cavity for Delaying Ablation Onset in Hypersonic Flow}},
  journal = 	 {Journal of Fluid Mechanics},
  year = 	 {2005},
  volume = 	 {528},
  pages = 	 {297--321},
}

% Yoon/Jameson LU-SGS 1987
@Article{yoon_jameson_LU-SGS_87,
  author = 	 {S. Yoon and A. Jameson},
  title = 	 {{Lower--Upper Implicit Schemes with Multiple Grids for the Euler Equations}},
  journal = 	 {AIAA Journal},
  year = 	 {1987},
  volume = 	 {25},
  pages = 	 {929--935},
}

% Yoon/Jameson LU-SGS 1988
@Article{yoon_jameson_LU-SGS_88,
  author = 	 {S. Yoon and A. Jameson},
  title = 	 {{Lower--Upper Symmetric--Gauss--Siedel Method for the Euler and Navier--Stokes Equations}},
  journal = 	 {AIAA Journal},
  year = 	 {1988},
  volume = 	 {26},
  pages = 	 {1025--1026},
}

% Aliabadi Tezduyar IJNMF v21
@Article{aliabadi_tezduyar_IJNMF_1995,
  author = 	 {S. K. Aliabadi and T. E. Tezduyar},
  title = 	 {{Parallel Fluid Dynamics Computations in Aerospace Applications}},
  journal = 	 {International Journal for Numerical Methods in Fluids},
  year = 	 {1995},
  volume = 	 {21},
  pages = 	 {783--805},
}

% Aliabadi Tezduyar IJNMF v24
@Article{sturek_aliabadi_IJNMF_1997,
  author = 	 {W. B. Sturek and S. Ray and S. Aliabadi and C. Waters and T. E. Tezduyar},
  title = 	 {{Parallel Finite Element Computations of Missle Aerodynamics}},
  journal = 	 {International Journal for Numerical Methods in Fluids},
  year = 	 {1997},
  volume = 	 {24},
  pages = 	 {1417--1432},
}

% Silton dissertation
@PhdThesis{silton_dissertation,
  author = 	 {Sidra Idelle Silton},
  title = 	 {{Ablation onset in unsteady hypersonic flow about nose-tips with a forward-facing cavity.}},
  school = 	 {The University of Texas at Austin},
  year = 	 {2001},
}

% NAS/Columbia
@TechReport{nas_columbia,
  author = 	 {Subhash Saini and Johnny Chang and Robert Hood and Haoqiang Jin},
  title = 	 {{A Scalability Study of Columbia using the NAS Parallel Benchmarks}},
  institution =  {NASA Advanced Supercomputing Division},
  year = 	 {2006},
  number = 	 {TP--NAS--06-011},
  month = 	 {August},
}

% Bonhaus SUPG
@PhdThesis{bonhaus_dissertation,
  author = 	 {Daryl Lawrence Bonhaus},
  title = 	 {A Higher Order Accurate Finite Element Method for Viscous Compressible Flows},
  school = 	 {Virginia Polytechnic Institute and State University},
  year = 	 {1998},
  address = 	 {Blacksburg, VA},
  month = 	 {November},
}

% AEDC double cone
@Unpublished{AEDC_HVWT9_double_cone,
  author = 	 {Joseph J. Coblish and Michael S. Smith and Terrell Hand and Graham V. Candler and Ioannis Nompelis},
  title = 	 {{Double-Cone Experiment and Numerical Analysis at AEDC Hypervelocity Wind Tunnel No.\ 9}},
  note = 	 {{43\textsuperscript{rd} AIAA Aerospace Sciences Meeting and Exhibit, AIAA Paper 2005-0902}},
  month = 	 {January},
  year = 	 {2005},
}

% Nompelis/Candler/Holden double cone
@Article{nompelis_candler_holden_double_cone,
  author = 	 {Ioannis Nompelis and Graham V. Candler and Michael S. Holden},
  title = 	 {{Effect of Vibrational Nonequilibrium on Hypersonic Double-Cone Experiments}},
  journal = 	 {AIAA Journal},
  year = 	 {2003},
  volume = 	 {41},
  number = 	 {11},
  pages = 	 {2162--2169},
  month = 	 {November},
}

% McNalley's AEDC tunnel noise measurements
@Unpublished{mcnalley_AEDC_noise,
  author = 	 {J. McNalley},
  title = 	 {{Pitot Noise Measurement During FY06 NASA MSL Test}},
  note = 	 {{Arnold Engineering Delvelopment Center Memorandum}},
  month = 	 {September},
  year = 	 {2006},
}

% viscosity & shear instabilities
@Article{viscous_shear_instabilities,
  author = 	 {Emmanuel Villermaux},
  title = 	 {On the role of viscosity in shear instabilities},
  journal = 	 {{Physics of Fluids}},
  year = 	 {1998},
  volume = 	 {10},
  number = 	 {2},
  pages = 	 {368--373},
  month = 	 {February},
}

% Greenberg's applied math book used in the ASE/EM grad math sequence
@Book{greenberg_applied_math,
  author = 	 {Michael D. Greenberg},
  title = 	 {{Foundations of Applied Mathematics}},
  publisher = 	 {Prentice-Hall},
  year = 	 {1978},
}

% Iterative solver templates book
@book{barrett94templates,
    author = "Barrett, R. and Berry, M. and Chan, T. F. and Demmel, J. and Donato, J. M. and Dongarra, Jack and Eijkhout, V. and Pozo, R. and Romine, C. and der Vorst, H. V.",
    title ={{Templates for the Solution of Linear Systems: Building Blocks for Iterative Methods.}},
    publisher = "Philadelphia: Society for Industrial and Applied Mathematics. Also available as postscript file on http://www.netlib.org\/templates\/Templates.html",
    year = "1994",
    url = "citeseer.ist.psu.edu/barrett94templates.html"
}

% Nielsen/Kleb discrete adjoint
@Article{nielsen_kleb_2005,
  author = 	 {Eric J.\ Nielsen and Bil Kleb},
  title = 	 {{Efficient Construction of Discrete Adjoint Operators on Unstructured Grids by Using Complex Variables}},
  journal = 	 {AIAA Journal},
  year = 	 {2006},
  volume = 	 {44},
  number = 	 {4},
  pages = 	 {827--836},
  month = 	 {April},
}

% Gropp et. al Using MPI
@Book{gropp_using_mpi,
  author = 	 {William Gropp and Ewing Lusk and Anthony Skjellum},
  title = 	 {{Using MPI: Portable Parallel Programming with the Message-Passing Interface}},
  publisher = 	 {The MIT Press},
  year = 	 {1994},
  address = 	 {Cambridge, Massachusetts},
}

#

@Article{BHK07,
  author = {Wolfgang Bangerth and Ralf Hartmann and Guido Kanschat},
  title = {deal.{II} --- a General Purpose Object Oriented Finite Element Library},
  journal = {ACM Trans. Math. Software},
  note = {to appear}
}

@Manual{BHK,
  title = 	 {{\tt deal.{I}{I}} Differential Equations Analysis Library,
                  Technical Reference},
  author = 	 {Wolfgang Bangerth and Ralf Hartmann and Guido Kanschat},
  note =         {\texttt{http://www.dealii.org}},
  url =          {http://www.dealii.org}
}

@Article{libMeshPaper,
 author = {Benjamin S. Kirk and John W. Peterson and Roy H. Stogner and Graham F. Carey},
 title = {{{\tt libMesh:}  A C++ Library for Parallel Adaptive Mesh Refinement/Coarsening Simulations}},
 journal = {Engineering with Computers},
 volume = {22},
 number = {3},
 year = {2006},
 issn = {0177-0667},
 pages = {237--254},
 doi = {http://dx.doi.org/10.1007/s00366-006-0049-3},
 publisher = {Springer-Verlag},
 address = {London, UK},
 }

@article{sierra,
 author = {James R. Stewart and H. Carter Edwards},
 title = {A framework approach for developing parallel adaptive multiphysics applications},
 journal = {Finite Elementsin Analysis and Design},
 volume = {40},
 number = {12},
 year = {2004},
 issn = {0168-874X},
 pages = {1599--1617},
 doi = {http://dx.doi.org/10.1016/j.finel.2003.10.006},
 publisher = {Elsevier Science Publishers B. V.},
 address = {Amsterdam, The Netherlands, The Netherlands},
 }


@Misc{barth03cluster,
  author =       {William Barth and Benjamin Kirk},
  title =        {{PC} Cluster Construction: Lessons Learned and
                  Friendly Advice},
  howpublished = {Shortcourse on Cluster Computing and Adaptive Finite
                  Element Methods, The University of Western
                  Australia, Perth, Australia},
  month =        {June},
  year =         2003,
}


@InProceedings{hpc00,
  author =       {William Barth and Graham F. Carey and Benjamin Kirk
                  and Robert McLay},
  title =        {{Parallel Distributed Solution Of Viscous Flow With
                  Heat Transfer On Workstation Clusters}},
  booktitle =    {{High Performance Computing '00 Proceedings}},
  year =         2000,
  address =      {Washington, D.C.},
  month =        {April}
}

%%% Joe O.'s PhD thesis
@PhdThesis{olejniczak_dissertation,
  author =       {Joseph Olejniczak},
  title  =       {{Computational and Experimental Study of Nonequilibrium Chemsitry in Hypersonic Flows}},
  school =       {The University of Minnesota},
  month  =       {April},
  year   =       {1997}
}

% Gridgen
@inproceedings{gridgen,
  author    = {John P. Steinbrenner and
               John R. Chawner},
  title     = {{Gridgen's Implementation of Partial Differential Equation
               Based Structured Grid Generation Methods.}},
  booktitle = {{IMR}},
  year      = {1999},
  pages     = {143-152},
  ee        = {http://www.andrew.cmu.edu/user/sowen/abstracts/St686.html},
  bibsource = {DBLP, http://dblp.uni-trier.de}
}

@Unpublished{aftosmis_berger_refinement,
  author = 	 {M.J. Aftosmis and M.J. Berger},
  title = 	 {{Multilevel Error Esimation and Adaptive $h$-Refinement for Cartesian Meshes with Embedded Boundaries}},
  note = 	 {{40\textsuperscript{th} AIAA Aerospace Sciences Meeting and Exhibit, AIAA Paper 2002-0863}},
  month = 	 {January},
  year = 	 {2002},
}

@Article{carey_jiang_euler,
  author = 	 {B.N. Jiang and G.F. Carey},
  title = 	 {{Least-Squares Finite Element Methods for Compressible Euler Equations}},
  journal = 	 {International Journal for Numerical Methods in Fluids},
  year = 	 {1990},
  volume = 	 {10},
  pages = 	 {557--568},
}


@Article{carey_jiang,
  author = 	 {B.N. Jiang and G.F. Carey},
  title = 	 {{A Stable Least-Squares Finite Element Method for Nonlinear Hyperbolic Problems}},
  journal = 	 {International Journal for Numerical Methods in Fluids},
  year = 	 {1988},
  volume = 	 {8},
  pages = 	 {933--942},
}

@Book{vincenti_kruger,
  author = 	 {Vincenti and Kruger},
  title = 	 {{Introduction to Physical Gas Dynamics}},
  publisher = 	 {Krieger},
  year = 	 {1965},
}

@misc{morgan98unstructured,
  author = "K. Morgan and J. Peraire",
  title = "Unstructured Grid Finite Element Methods for Fluid Mechanics",
  text = "Morgan, K.; and Peraire, J.: Unstructured Grid Finite Element Methods for
    Fluid Mechanics. Inst. Phys. Rev., vol. 61, no. 6, 1998, pp. 569--638.",
  year = "1998",
  url = "citeseer.ist.psu.edu/article/morgan97unstructured.html"
}

@misc{bibb97hypersonic,
  author = "K. Bibb and J. Peraire and C. Riley",
  title = "Hypersonic flow computations on unstructured meshes",
  text = "K. L. Bibb, J. Peraire and C. J. Riley, Hypersonic flow computations on
    unstructured meshes, AIAA Paper 97--0624, 1997.",
  year = "1997",
  url = "citeseer.ist.psu.edu/bibb97hypersonic.html"
}


@Article{christie_griffiths_mitchell_zienkiewicz,
  author = 	 {I. Christie and D. F. Griffiths and A. R. Mitchell and O. C. Zienkiewicz},
  title = 	 {Finite element methods for second order differential equations with significant first derivatives},
  journal = 	 {International Journal for Numerical Methods in Engineering},
  year = 	 {1976},
  volume = 	 {10},
  pages = 	 {1389--1396},
}


@Book{finite_elements_vol_6,
  author = 	 {G. F. Carey and J. T. Oden},
  title = 	 {Finite Elements: VI, Special Problems in Fluid Mechanics},
  publisher = 	 {Prentice Hall},
  year = 	 {1986},
  address = 	 {Englewood Cliffs},
}

@Article{gkks01,
	Author 	= 	"W. D. Gropp and D. K. Kaushik and D. E. Keyes and B. F. Smith",
	Title 	= 	"High Performance Parallel Implicit {CFD}",
	journal 	= 	"Journal of Parallel Computing",
	year 	= 	2001,
	volume 	= 	27,
	pages 	= 	"337-362",
	url 	= 	"http://www-fp.mcs.anl.gov/petsc-fun3d/Papers/manke.pdf"
}

@INPROCEEDINGS{KKS99,
	AUTHOR 	= 	"D. K. Kaushik and D. E. Keyes and B. F. Smith",
	TITLE 	= 	"{N}ewton-{K}rylov-{S}chwarz Methods for Aerodynamic Problems: Compressible and Incompressible Flows on Unstructured Grids",
	BOOKTITLE 	= 	"Proceedings of the 11th International Conference on Domain Decomposition Methods",
	EDITOR 	= 	"C.-H. Lai et al.",
	PUBLISHER 	= 	"Domain Decomposition Press, Bergen",
	url 	= 	"ftp://info.mcs.anl.gov/pub/tech_reports/reports/P745.ps.Z",
	YEAR 	= 	"1999"
}

@Article{hm99,
	AUTHOR	= 	"P. D. Hovland and L. C. McInnes",
	TITLE	= 	"Parallel Simulation of Compressible Flow Using Automatic Differentiation and {PETSc}",
	year 	= 	2000,
	journal 	= 	"Parallel Computing",
	url 	= 	"ftp://info.mcs.anl.gov/pub/tech_reports/reports/P796.ps.Z",
	note 	= 	"special issue of Parallel Computing on ``Parallel Computing in Aerospace''"
}


% Park's Nonequilibrium Hypersonic Aerotherodynamics
@Book{park_book,
  author = 	 {Chul Park},
  title = 	 {Nonequilibrium Hypersonic Aerotherodynamics},
  publisher = 	 {John Wiley \& Sons},
  year = 	 {1990},
}

% Chalot nonequilibrium paper
@Article{chalot_shakib_hughes_nonequilibrium,
  author = 	 {F. Chalot and T. J. R. Hughes and F. Shakib},
  title = 	 {{Symmetrization of Conservation Laws with Entropy For High-Temperature Hypersonic Computations}},
  journal = 	 {Comping Systems in Engineering},
  year = 	 {1990},
  volume = 	 {1},
  number = 	 {2--4},
  pages = 	 {495--521}
}


% Gnoffo hypersonic modeling
@TechReport{gnoffo_conservation_laws,
  author = 	 {Peter A. Gnoffo and Roop N. Gupta and Judy L. Shinn},
  title = 	 {Conservation Equations and Physical Models for Hypersonic Air Flows in Thermal and Chemical Nonequilibrium},
  institution =  {National Aeronautics and Space Administration},
  year = 	 {1989},
  Tmonth = 	 {February},
  Tnote = 	 {NASA TP-2867}
}

% Park future Earth Entries
@Article{park_future_nasa_missions_I,
  author = 	 {Chul Park},
  title = 	 {{Review of Chemical-Kinetic Problems of Future NASA Missions, I: Earth Entries}},
  journal = 	 {AIAA Journal of Thermophysics and Heat Transfer},
  year = 	 {1993},
  volume = 	 {7},
  number = 	 {3},
  pages = 	 {385--398},
  month = 	 {July--September},
}

% Candler's thesis
@PhdThesis{candler_thesis,
  author = 	 {Graham V. Candler},
  title = 	 {The Computation of Weakly Ionized  Hypersonic Flows in Thermochemical Nonequilibrium},
  school = 	 {Stanford University},
  year = 	 {1988},
  month =        {June},
}

% Wright Thesis
@PhdThesis{wright_thesis,
  author = 	 {Michael J. Wright},
  title = 	 {A Family of Data-Parallel Relaxation Methods for the Navier-Stokes Equations},
  school = 	 {The University of Minnesota},
  year = 	 {1997},
  month = 	 {June},
}

% Nompelis Thesis
@PhdThesis{nompelis_thesis,
  author =	 {Ioannis Nompelis},
  title = 	 {Computational Study of Hypersonic Double-Cone Experiments for Code Validation},
  school = 	 {The University of Minnesota},
  year = 	 {2004},
  month = 	 {May},
}


% Park N2 relaxation
@Article{park_N2_rotational_relaxation,
  author = 	 {Chul Park},
  title = 	 {{Rotational Relaxation of N$_2$ Behind a Strong Shock Wave}},
  journal = 	 {AIAA Journal of Thermophysics and Heat Transfer},
  year = 	 {2004},
  volume = 	 {18},
  number = 	 {4},
  pages = 	 {527--?},
  month = 	 {October--December},
}

@Article{lordi_mates_rotational_relaxation,
  author = 	 {J. A. Lordi and R. E. Mates},
  title = 	 {{Rotational Relaxation in Nonpolar Diatomic Gas}},
  journal = 	 {Physics of Fluids},
  year = 	 {1970},
  volume = 	 {13},
  number = 	 {2},
  pages = 	 {291--308}, 
}

@TechReport{blottner_viscous,
  author = 	 {F. G. Blottner and M. Johnson and M. Ellis},
  title = 	 {{Chemically Reacting Vscous Flow Profram for Multi-Component Gas Mixtures}},
  institution =  {Sandia National Laboratories},
  year = 	 {1971},
  number = 	 {Sandia Laboratories Report No.\ SC-RR-70-754},
  address = 	 {Albuquerque, NM},
}


@Article{fins_ijnmf,
  author =       {Benjamin S. Kirk and Graham F. Carey},
  title =        {{Development and Validation of a SUPG Finite Element Scheme fo
r the Compressible Navier-Stokes Equations using a Modified Inviscid Flux Discre
tization}},
  journal =      {International Journal for Numerical Methods in Fluids},
  year =         {2008},
  doi =           {\url{http://dx.doi.org/10.1002/fld.1635}},
  volume =       {57},
  number =       {3},
  pages =        {265 -- 293},
}


@PhdThesis{djaffar_dissertation,
  author =       {Djaffar Ait-Ali-Yahia},
  title =        {A Finite Element Segregated Method for Thermo-Chemical Equilib
rium and Nonequilibrium Hypersonic Flows Using Adapted Grids},
  school =       {Concordia University},
  year =         {1996},
  address =      {Montreal, Canada},
  month =        {December},
}

@Unpublished{barter_darmofal_sc,
  author =       {Garret E. Barter and David L. Darmofal},
  title =        {{Shock Capturing with High-Order, PDE-Based Artificial Viscosi
ty}},
  note =         {{18\textsuperscript{th} AIAA Computational Fluid Dynamics Conf
erence, AIAA Paper 2007-3823}},
  month =        {June},
  year =         {2007},
}
  
%%% Jameson Shock Capturing
@TechReport{jameson_shock_capturing,
  author =       {A. Jameson},
  title =        {{Analysis and design of numerical schemes for gas dynamics. 2:
 Artificial diffusion and discrete shock structure}},
  number =       {{NASA CR-196476}},
  institution =  {National Aeronautics and Space Administration},
  month =        {August},
  year =         1994
}

% Crank-Nicolson
@Article{crank_nicolson,
  author = 	 {J. Crank and P. Nicolson},
  title = 	 {{A Practical Method for Numerical evaluation of Solutions of Partial Differential Equations of Heat Conduction Type}},
  journal = 	 {Proceedings of the Cambridge Philosophical Society},
  year = 	 {1947},
  volume = 	 {43},
  pages = 	 {50--64}
}

% Adam's thesis
@MastersThesis{amar_thesis,
  author = 	 {Adam Joseph Amar},
  title = 	 {{Modeling of One-Dimensional Ablation with Porous Flow Using Finite Control Volume Procedure}},
  school = 	 {North Carolina State University},
  year = 	 {2006},
}


% Gupta-Yos transport
@techreport{GuptaYosetal1990,
  Author = {Roop N. Gupta and Jerrold M. Yos and Richard A. Thompson and Kam-Pui Lee},
  Date-Added = {2011-03-22 10:11:29 -0500},
  Date-Modified = {2011-03-22 10:13:56 -0500},
  Institution = {NASA},
  Number = {1232},
  Title = {A Review of Reaction Rates and Thermodynamic and Transport Properties for an 11-Species Air Model for Chemical and Thermal Nonequilibrium Calculations to 30000 {K}},
  Type = {NASA Reference Publication},
  Year = {1990}
}

% Park 20 species air model
@article{ParkJaffeetal2001,
  Author = {Chul Park and Richard L. Jaffe and Harry Partridge},
  Date-Added = {2011-03-22 12:07:51 -0500},
  Date-Modified = {2011-03-22 12:09:23 -0500},
  Journal = {Journal of Thermophysics and Heat Transfer},
  Number = {1},
  Pages = {76-90},
  Title = {Chemical-Kinetic Parameters of Hyperbolic Earth Entry},
  Volume = {15},
  Year = {2001}
}


% Random article by Candler to suggest horrible approx for diffusion
% coefficients for ionized species
@article{Candler2010,
  Author = {Graham V. Candler},
  Date-Added = {2011-03-22 20:35:15 -0500},
  Date-Modified = {2011-03-22 20:36:51 -0500},
  Journal = {Encyclopedia of Aerospace Engineering},
  Title = {High-Temperature Effects in Hypersonic Flight},
  Year = {2010}
}

%SCEBD
@article{Ramshaw1990,
  Author = {J. D. Ramshaw},
  Date-Added = {2011-03-22 21:26:41 -0500},
  Date-Modified = {2011-03-22 21:27:45 -0500},
  Journal = {Journal of Non-Equilibrium Thermodynamics},
  Number = {3},
  Pages = {295-300},
  Title = {Self-consistent effective binary diffusion in multicomponent gas mixtures},
  Volume = {15},
  Year = {1990}
}

% Marco said use T_V for D_ij for electrons
@misc{Panesi2011,
  Author = {Marco Panesi},
  Year = {2011},
  note = {private communication}
}


@PhdThesis{barnhardt_thesis,
  author = 	 {Michael D. Barnhardt},
  title = 	 {Modeling and Simulation of High-Speed Wake Flows},
  school = 	 {University of Minnesota},
  year = 	 {2009},
  month =        {August}
}

